<?xml version="1.0" encoding="UTF-8"?>
<!--Sample XML file generated by XMLSpy v2008 rel. 2 sp2 (http://www.altova.com)-->
<S2SCTScf:SCTScfBlkCredTrf xmlns:xsi="http://www.w3.org/2001/XMLSchema-instance" xmlns:S2SCTScf="urn:S2SCTScf:xsd:$SCTScfBlkCredTrf" xsi:schemaLocation="urn:S2SCTScf:xsd:$SCTScfBlkCredTrf I:\WORKIN~1\Shiv\SCFFIL~1\Schema\SCT\SCTScfBlkCredTrf.xsd">
	<S2SCTScf:SndgInst>ZYDOFRP0</S2SCTScf:SndgInst>
	<S2SCTScf:RcvgInst>AIBKIE20</S2SCTScf:RcvgInst>
	<S2SCTScf:SrvcId>SCT</S2SCTScf:SrvcId>
	<S2SCTScf:TstCode>T</S2SCTScf:TstCode>
	<S2SCTScf:FType>SCF</S2SCTScf:FType>
	<S2SCTScf:FileRef>NSCT160203000011</S2SCTScf:FileRef>
	<S2SCTScf:RoutingInd>DIR</S2SCTScf:RoutingInd>
	<S2SCTScf:FileBusDt>2016-08-04</S2SCTScf:FileBusDt>
	<S2SCTScf:FileCycleNo>11</S2SCTScf:FileCycleNo>

<S2SCTScf:FIToFICstmrCdtTrf xmlns="urn:iso:std:iso:20022:tech:xsd:pacs.008.001.02">
		<GrpHdr>
			<MsgId>msgid29Jan16.1.0001</MsgId>
			<CreDtTm>2016-08-04T06:56:57.0Z</CreDtTm>
			<NbOfTxs>4</NbOfTxs>
			<TtlIntrBkSttlmAmt Ccy="EUR">72.11</TtlIntrBkSttlmAmt>
			<IntrBkSttlmDt>2016-08-04</IntrBkSttlmDt>
			<SttlmInf>
				<SttlmMtd>CLRG</SttlmMtd>
				<ClrSys>
					<Prtry>ST2</Prtry>
				</ClrSys>
			</SttlmInf>
			<InstdAgt>
				<FinInstnId>
					<BIC>AIBKIE20</BIC>
				</FinInstnId>
			</InstdAgt>
		</GrpHdr>

<CdtTrfTxInf>
			<PmtId>
				<InstrId>InstrID03Feb16.0001</InstrId>
				<EndToEndId>E2E03Feb16.0001</EndToEndId>
				<TxId>TxID03Feb16.0001</TxId>
			</PmtId>
			<PmtTpInf>
				<SvcLvl>
					<Cd>SEPA</Cd>
				</SvcLvl>
				<LclInstrm>
					<Cd>TRF</Cd>
				</LclInstrm>
				<CtgyPurp>
					<Cd>CASH</Cd>
				</CtgyPurp>
			</PmtTpInf>
			<IntrBkSttlmAmt Ccy="EUR">18.01</IntrBkSttlmAmt>
			
			<InstdAmt Ccy="EUR">100</InstdAmt>
			<XchgRate>1</XchgRate>
			<ChrgBr>SLEV</ChrgBr>
			<InstgAgt>
				<FinInstnId>
					<BIC>BOFIIE20</BIC>
				</FinInstnId>
			</InstgAgt>
			<UltmtDbtr>
				<Nm>vaibhav ult deb</Nm>
				
				<Id>
					<OrgId>
						<BICOrBEI>BOFIIE20</BICOrBEI>
					</OrgId>
				</Id>
				
			</UltmtDbtr>
			<Dbtr>
				<Nm>vaibhav</Nm>
				
				<Id>
					<OrgId>
						<BICOrBEI>BOFIIE20</BICOrBEI>
					</OrgId>
				</Id>
				
			</Dbtr>
			<DbtrAcct>
				<Id>
					<IBAN>IE07BOFI90097373678330</IBAN>
				</Id>
			</DbtrAcct>
			<DbtrAgt>
				<FinInstnId>
					<BIC>BOFIIE20</BIC>
				</FinInstnId>
			</DbtrAgt>
			<CdtrAgt>
				<FinInstnId>
					<BIC>AIBKIE20</BIC>
				</FinInstnId>
			</CdtrAgt>
			<Cdtr>
				<Nm>vaibhav cr</Nm>
				
				<Id>
					<PrvtId>
						<DtAndPlcOfBirth>
							<BirthDt>1985-07-03</BirthDt>
							<CityOfBirth>Dublin</CityOfBirth>
							<CtryOfBirth>IE</CtryOfBirth>
						</DtAndPlcOfBirth>
					</PrvtId>
				</Id>
				
			</Cdtr>
			<CdtrAcct>
				<Id>
					<IBAN>IE43AIBK93129200724156</IBAN>
				</Id>
			</CdtrAcct>
			<UltmtCdtr>
				<Nm>vaibhav ult cr</Nm>
				
				<Id>
					<OrgId>
						<BICOrBEI>AIBKIE20</BICOrBEI>
					</OrgId>
				</Id>
				
			</UltmtCdtr>
			<InstrForCdtrAgt>
				<Cd>CHQB</Cd>
				<InstrInf>TEST</InstrInf>
			</InstrForCdtrAgt>
			<Purp>
				<Cd>Purp</Cd>
			</Purp>
			<RgltryRptg>
				<DbtCdtRptgInd>CRED</DbtCdtRptgInd>
				<Authrty>
					<Nm>REGULATOR</Nm>
					<Ctry>IE</Ctry>
				</Authrty>
				<Dtls>
					<Tp>TEST</Tp>
					<Dt>2012-09-05</Dt>
					<Ctry>IE</Ctry>
					<Cd>TEST</Cd>
					<Amt Ccy="EUR">0</Amt>
					<Inf>TEST</Inf>
				</Dtls>
			</RgltryRptg>
			<RltdRmtInf>
				<RmtId>TEST</RmtId>
				<RmtLctnMtd>FAXI</RmtLctnMtd>
				<RmtLctnElctrncAdr>TEST</RmtLctnElctrncAdr>
				<RmtLctnPstlAdr>
					<Nm>NAMETEST</Nm>
					<Adr>
						<Ctry>IE</Ctry>
						<AdrLine>TEST ADDRESS</AdrLine>
					</Adr>
				</RmtLctnPstlAdr>
			</RltdRmtInf>
			<RmtInf>
			<Ustrd>abcd</Ustrd>
			</RmtInf>
</CdtTrfTxInf>

<CdtTrfTxInf>
			<PmtId>
				<InstrId>InstrID03Feb16.0002</InstrId>
				<EndToEndId>E2E03Feb16.0002</EndToEndId>
				<TxId>TxID03Feb16.0002</TxId>
			</PmtId>
			<PmtTpInf>
				<SvcLvl>
					<Cd>SEPA</Cd>
				</SvcLvl>
				<LclInstrm>
					<Cd>TRF</Cd>
				</LclInstrm>
				<CtgyPurp>
					<Cd>CASH</Cd>
				</CtgyPurp>
			</PmtTpInf>
			<IntrBkSttlmAmt Ccy="EUR">18.02</IntrBkSttlmAmt>
			
			<InstdAmt Ccy="EUR">100</InstdAmt>
			<XchgRate>1</XchgRate>
			<ChrgBr>SLEV</ChrgBr>
			<InstgAgt>
				<FinInstnId>
					<BIC>BOSIIE20</BIC>
				</FinInstnId>
			</InstgAgt>
			<UltmtDbtr>
				<Nm>vaibhav ult deb</Nm>
				
				<Id>
					<OrgId>
						<BICOrBEI>BOSIIE20</BICOrBEI>
					</OrgId>
				</Id>
				
			</UltmtDbtr>
			<Dbtr>
				<Nm>vaibhav</Nm>
				
				<Id>
					<OrgId>
						<BICOrBEI>BOSIIE20</BICOrBEI>
					</OrgId>
				</Id>
				
			</Dbtr>
			<DbtrAcct>
				<Id>
					<IBAN>IE51BOSI99045012345678</IBAN>
				</Id>
			</DbtrAcct>
			<DbtrAgt>
				<FinInstnId>
					<BIC>BOSIIE20</BIC>
				</FinInstnId>
			</DbtrAgt>
			<CdtrAgt>
				<FinInstnId>
					<BIC>AIBKIE20</BIC>
				</FinInstnId>
			</CdtrAgt>
			<Cdtr>
				<Nm>vaibhav cr</Nm>
				
				<Id>
					<PrvtId>
						<DtAndPlcOfBirth>
							<BirthDt>1985-07-03</BirthDt>
							<CityOfBirth>Dublin</CityOfBirth>
							<CtryOfBirth>IE</CtryOfBirth>
						</DtAndPlcOfBirth>
					</PrvtId>
				</Id>
				
			</Cdtr>
			<CdtrAcct>
				<Id>
					<IBAN>IE58AIBK93101201420134</IBAN>
				</Id>
			</CdtrAcct>
			<UltmtCdtr>
				<Nm>vaibhav ult cr</Nm>
				
				<Id>
					<OrgId>
						<BICOrBEI>AIBKIE20</BICOrBEI>
					</OrgId>
				</Id>
				
			</UltmtCdtr>
			<InstrForCdtrAgt>
				<Cd>CHQB</Cd>
				<InstrInf>TEST</InstrInf>
			</InstrForCdtrAgt>
			<Purp>
				<Cd>Purp</Cd>
			</Purp>
			<RgltryRptg>
				<DbtCdtRptgInd>CRED</DbtCdtRptgInd>
				<Authrty>
					<Nm>REGULATOR</Nm>
					<Ctry>IE</Ctry>
				</Authrty>
				<Dtls>
					<Tp>TEST</Tp>
					<Dt>2012-09-05</Dt>
					<Ctry>IE</Ctry>
					<Cd>TEST</Cd>
					<Amt Ccy="EUR">0</Amt>
					<Inf>TEST</Inf>
				</Dtls>
			</RgltryRptg>
			<RltdRmtInf>
				<RmtId>TEST</RmtId>
				<RmtLctnMtd>FAXI</RmtLctnMtd>
				<RmtLctnElctrncAdr>TEST</RmtLctnElctrncAdr>
				<RmtLctnPstlAdr>
					<Nm>NAMETEST</Nm>
					<Adr>
						<Ctry>IE</Ctry>
						<AdrLine>TEST ADDRESS</AdrLine>
					</Adr>
				</RmtLctnPstlAdr>
			</RltdRmtInf>
			<RmtInf>
			<Ustrd>abcd</Ustrd>
			</RmtInf>
</CdtTrfTxInf>

<CdtTrfTxInf>
			<PmtId>
				<InstrId>InstrID03Feb16.0003</InstrId>
				<EndToEndId>E2E03Feb16.0003</EndToEndId>
				<TxId>TxID03Feb16.0003</TxId>
			</PmtId>
			<PmtTpInf>
				<SvcLvl>
					<Cd>SEPA</Cd>
				</SvcLvl>
				<LclInstrm>
					<Cd>TRF</Cd>
				</LclInstrm>
				<CtgyPurp>
					<Cd>CASH</Cd>
				</CtgyPurp>
			</PmtTpInf>
			<IntrBkSttlmAmt Ccy="EUR">18.03</IntrBkSttlmAmt>
			
			<InstdAmt Ccy="EUR">100</InstdAmt>
			<XchgRate>1</XchgRate>
			<ChrgBr>SLEV</ChrgBr>
			<InstgAgt>
				<FinInstnId>
					<BIC>BARCFRP0</BIC>
				</FinInstnId>
			</InstgAgt>
			<UltmtDbtr>
				<Nm>vaibhav ult deb</Nm>
				
				<Id>
					<OrgId>
						<BICOrBEI>BARCFRP0</BICOrBEI>
					</OrgId>
				</Id>
				
			</UltmtDbtr>
			<Dbtr>
				<Nm>vaibhav</Nm>
				
				<Id>
					<OrgId>
						<BICOrBEI>BARCFRP0</BICOrBEI>
					</OrgId>
				</Id>
				
			</Dbtr>
			<DbtrAcct>
				<Id>
					<IBAN>FR7630588610504746976010164</IBAN>
				</Id>
			</DbtrAcct>
			<DbtrAgt>
				<FinInstnId>
					<BIC>BARCFRP0</BIC>
				</FinInstnId>
			</DbtrAgt>
			<CdtrAgt>
				<FinInstnId>
					<BIC>AIBKIE20</BIC>
				</FinInstnId>
			</CdtrAgt>
			<Cdtr>
				<Nm>vaibhav cr</Nm>
				
				<Id>
					<PrvtId>
						<DtAndPlcOfBirth>
							<BirthDt>1985-07-03</BirthDt>
							<CityOfBirth>Dublin</CityOfBirth>
							<CtryOfBirth>IE</CtryOfBirth>
						</DtAndPlcOfBirth>
					</PrvtId>
				</Id>
				
			</Cdtr>
			<CdtrAcct>
				<Id>
					<IBAN>IE58AIBK93101201420134</IBAN>
				</Id>
			</CdtrAcct>
			<UltmtCdtr>
				<Nm>vaibhav ult cr</Nm>
				
				<Id>
					<OrgId>
						<BICOrBEI>AIBKIE20</BICOrBEI>
					</OrgId>
				</Id>
				
			</UltmtCdtr>
			<InstrForCdtrAgt>
				<Cd>CHQB</Cd>
				<InstrInf>TEST</InstrInf>
			</InstrForCdtrAgt>
			<Purp>
				<Cd>Purp</Cd>
			</Purp>
			<RgltryRptg>
				<DbtCdtRptgInd>CRED</DbtCdtRptgInd>
				<Authrty>
					<Nm>REGULATOR</Nm>
					<Ctry>IE</Ctry>
				</Authrty>
				<Dtls>
					<Tp>TEST</Tp>
					<Dt>2012-09-05</Dt>
					<Ctry>IE</Ctry>
					<Cd>TEST</Cd>
					<Amt Ccy="EUR">0</Amt>
					<Inf>TEST</Inf>
				</Dtls>
			</RgltryRptg>
			<RltdRmtInf>
				<RmtId>TEST</RmtId>
				<RmtLctnMtd>FAXI</RmtLctnMtd>
				<RmtLctnElctrncAdr>TEST</RmtLctnElctrncAdr>
				<RmtLctnPstlAdr>
					<Nm>NAMETEST</Nm>
					<Adr>
						<Ctry>IE</Ctry>
						<AdrLine>TEST ADDRESS</AdrLine>
					</Adr>
				</RmtLctnPstlAdr>
			</RltdRmtInf>
			<RmtInf>
			<Ustrd>abcd</Ustrd>
			</RmtInf>
</CdtTrfTxInf>

<CdtTrfTxInf>
			<PmtId>
				<InstrId>InstrID03Feb16.0004</InstrId>
				<EndToEndId>E2E03Feb16.0004</EndToEndId>
				<TxId>TxID03Feb16.0004</TxId>
			</PmtId>
			<PmtTpInf>
				<SvcLvl>
					<Cd>SEPA</Cd>
				</SvcLvl>
				<LclInstrm>
					<Cd>TRF</Cd>
				</LclInstrm>
				<CtgyPurp>
					<Cd>CASH</Cd>
				</CtgyPurp>
			</PmtTpInf>
			<IntrBkSttlmAmt Ccy="EUR">18.05</IntrBkSttlmAmt>
			
			<InstdAmt Ccy="EUR">100</InstdAmt>
			<XchgRate>1</XchgRate>
			<ChrgBr>SLEV</ChrgBr>
			<InstgAgt>
				<FinInstnId>
					<BIC>BOFIIE20</BIC>
				</FinInstnId>
			</InstgAgt>
			<UltmtDbtr>
				<Nm>vaibhav ult deb</Nm>
				
				<Id>
					<OrgId>
						<BICOrBEI>BOFIIE20</BICOrBEI>
					</OrgId>
				</Id>
				
			</UltmtDbtr>
			<Dbtr>
				<Nm>vaibhav</Nm>
				
				<Id>
					<OrgId>
						<BICOrBEI>BOFIIE20</BICOrBEI>
					</OrgId>
				</Id>
				
			</Dbtr>
			<DbtrAcct>
				<Id>
					<IBAN>IE07BOFI90097373678330</IBAN>
				</Id>
			</DbtrAcct>
			<DbtrAgt>
				<FinInstnId>
					<BIC>BOFIIE20</BIC>
				</FinInstnId>
			</DbtrAgt>
			<CdtrAgt>
				<FinInstnId>
					<BIC>AIBKGB20</BIC>
				</FinInstnId>
			</CdtrAgt>
			<Cdtr>
				<Nm>vaibhav cr</Nm>
				
				<Id>
					<PrvtId>
						<DtAndPlcOfBirth>
							<BirthDt>1985-07-03</BirthDt>
							<CityOfBirth>Dublin</CityOfBirth>
							<CtryOfBirth>IE</CtryOfBirth>
						</DtAndPlcOfBirth>
					</PrvtId>
				</Id>
				
			</Cdtr>
			<CdtrAcct>
				<Id>
					<IBAN>GB98AIBK23840300001296</IBAN>
				</Id>
			</CdtrAcct>
			<UltmtCdtr>
				<Nm>vaibhav ult cr</Nm>
				
				<Id>
					<OrgId>
						<BICOrBEI>AIBKIE20</BICOrBEI>
					</OrgId>
				</Id>
				
			</UltmtCdtr>
			<InstrForCdtrAgt>
				<Cd>CHQB</Cd>
				<InstrInf>TEST</InstrInf>
			</InstrForCdtrAgt>
			<Purp>
				<Cd>Purp</Cd>
			</Purp>
			<RgltryRptg>
				<DbtCdtRptgInd>CRED</DbtCdtRptgInd>
				<Authrty>
					<Nm>REGULATOR</Nm>
					<Ctry>IE</Ctry>
				</Authrty>
				<Dtls>
					<Tp>TEST</Tp>
					<Dt>2012-09-05</Dt>
					<Ctry>IE</Ctry>
					<Cd>TEST</Cd>
					<Amt Ccy="EUR">0</Amt>
					<Inf>TEST</Inf>
				</Dtls>
			</RgltryRptg>
			<RltdRmtInf>
				<RmtId>TEST</RmtId>
				<RmtLctnMtd>FAXI</RmtLctnMtd>
				<RmtLctnElctrncAdr>TEST</RmtLctnElctrncAdr>
				<RmtLctnPstlAdr>
					<Nm>NAMETEST</Nm>
					<Adr>
						<Ctry>IE</Ctry>
						<AdrLine>TEST ADDRESS</AdrLine>
					</Adr>
				</RmtLctnPstlAdr>
			</RltdRmtInf>
			<RmtInf>
			<Ustrd>abcd</Ustrd>
			</RmtInf>
</CdtTrfTxInf>

</S2SCTScf:FIToFICstmrCdtTrf>

</S2SCTScf:SCTScfBlkCredTrf>